Bibliography downloaded from http://researchr.org/downloadbibtex/bibliography/dslsandple-dslsandple

@inproceedings{291,
  title = {Feature and Meta-Models in Clafer: Mixed, Specialized, and Coupled},
  author = {Kacper Bak and Czarnecki, Krzysztof and Andrzej Wasowski},
  year = {2010},
  month = {10/2010},
  tags = {dlmv},
  researchr = {http://researchr.org/publication/291},
  booktitle = {3rd International Conference on Software Language Engineering},
  address = {Eindhoven, The Netherlands},
}

@inproceedings{JirapanthongZ05,
  title = {Supporting Product Line Development through Traceability},
  author = {Waraporn Jirapanthong and Andrea Zisman},
  year = {2005},
  doi = {http://doi.ieeecomputersociety.org/10.1109/APSEC.2005.101},
  researchr = {http://researchr.org/publication/JirapanthongZ05},
  booktitle = {12th Asia-Pacific Software Engineering Conference (APSEC 2005), 15-17 December 2005, Taipei, Taiwan},
  publisher = {IEEE Computer Society},
  isbn = {0-7695-2465-6},
}

@inproceedings{JaegerF09,
  title = {Viewpoints in the Smart Home Product Line},
  author = {Michael C. Jaeger and Ludger Fiege},
  year = {2009},
  doi = {http://dx.doi.org/10.1109/ECBS.2009.39},
  tags = {DSLsAndPLE},
  researchr = {http://researchr.org/publication/JaegerF09},
  booktitle = {16th Annual IEEE International Conference and Workshop on the Engineering of Computer Based Systems, ECBS 2009, San Francisco, California, USA, 14-16 April 2009},
  publisher = {IEEE Computer Society},
  isbn = {978-0-7695-3602-6},
}

@inproceedings{VolterG07,
  title = {Product Line Implementation using Aspect-Oriented and Model-Driven Software Development},
  author = {Markus Völter and Iris Groher},
  year = {2007},
  doi = {http://doi.ieeecomputersociety.org/10.1109/SPLINE.2007.23},
  tags = {software product line},
  researchr = {http://researchr.org/publication/VolterG07},
  booktitle = {Software Product Lines, 11th International Conference, SPLC 2007, Kyoto, Japan, September 10-14, 2007, Proceedings},
  publisher = {IEEE Computer Society},
}

@inproceedings{VoelterGroher2007,
  title = {Handling Variability in Model Transformations and Generators},
  author = {M. Voelter and  I. Groher},
  year = {2007},
  researchr = {http://researchr.org/publication/VoelterGroher2007},
  booktitle = {Proceedings of the 7th OOPSLA Workshop on Domain-Specific Modeling (DSM’07)},
  series = {Computer Science and Information System Reports},
}

@inproceedings{CzarneckiA05,
  title = {Mapping Features to Models: A Template Approach Based on Superimposed Variants},
  author = {Krzysztof Czarnecki and Michal Antkiewicz},
  year = {2005},
  doi = {http://dx.doi.org/10.1007/11561347_28},
  tags = {DSLsAndPLE},
  researchr = {http://researchr.org/publication/CzarneckiA05},
  booktitle = {Generative Programming and Component Engineering, 4th International Conference, GPCE 2005},
  editor = {Robert Glück and Michael R. Lowry},
  volume = {3676},
  series = {Lecture Notes in Computer Science},
  address = {Tallinn, Estonia},
  publisher = {Springer},
  isbn = {3-540-29138-5},
}

@inproceedings{DhunganaRGLF07,
  title = {DOPLER: An Adaptable Tool Suite for Product Line Engineering},
  author = {Deepak Dhungana and Rick Rabiser and Paul Grünbacher and Klaus Lehner and Christian Federspiel},
  year = {2007},
  researchr = {http://researchr.org/publication/DhunganaRGLF07},
  booktitle = {Software Product Lines, 11th International Conference, SPLC 2007, Kyoto, Japan, September 10-14, 2007, Proceedings. Second Volume (Workshops)},
  publisher = {Kindai Kagaku Sha Co. Ltd., Tokyo, Japan},
  isbn = {978-4-7649-0342-5},
}

@inproceedings{Voelter2008,
  title = {A Family of Languages for Architecture Description
},
  author = {Markus Voelter},
  year = {2008},
  tags = {software engineering, variability management, architecture, DSLsAndPLE, software architecture, software product line, product line engineering, domain-specific language},
  researchr = {http://researchr.org/publication/Voelter2008},
}

@inproceedings{MendoncaWC09,
  title = {SAT-based analysis of feature models is easy},
  author = {MarcÃ­lio MendonÃ§a and Andrzej Wasowski and Krzysztof Czarnecki},
  year = {2009},
  doi = {http://doi.acm.org/10.1145/1753235.1753267},
  tags = {DSLsAndPLE},
  researchr = {http://researchr.org/publication/MendoncaWC09},
  booktitle = {Software Product Lines, 13th International Conference, SPLC 2009, San Francisco, California, USA, August 24-28, 2009, Proceedings},
  editor = {Dirk Muthig and John D. McGregor},
  volume = {446},
  series = {ACM International Conference Proceeding Series},
  publisher = {ACM},
}

@inproceedings{HeidenreichWende-AOPLE07,
  title = {Bridging the Gap Between Features and Models},
  author = {Florian Heidenreich and Christian Wende},
  year = {2007},
  note = {URL http://www.softeng.ox.ac.uk/aople/},
  tags = {graph-rewriting, sple, featuremapper, fosd, mapping, feature modelling, software product lines},
  researchr = {http://researchr.org/publication/HeidenreichWende-AOPLE07},
  booktitle = {2nd Workshop on Aspect-Oriented Product Line Engineering (AOPLE'07) co-located with the International Conference on Generative Programming and Component Engineering (GPCE'07)},
}

@article{Voelter2009,
  title = {Best Practices for DSLs and Model-Driven Development},
  author = {Markus Voelter},
  year = {2009},
  doi = {http://www.jot.fm/issues/issue_2009_09/column6/index.html},
  researchr = {http://researchr.org/publication/Voelter2009},
  journal = {JOT},
}

@article{Volter10,
  title = {Architecture as Language},
  author = {Markus Völter},
  year = {2010},
  doi = {http://doi.ieeecomputersociety.org/10.1109/MS.2009.110},
  tags = {architecture},
  researchr = {http://researchr.org/publication/Volter10},
  journal = {IEEE Software},
  volume = {27},
  number = {2},
  pages = {56-64},
}

@article{GokhaleBKBEDTPS08,
  title = {Model driven middleware: A new paradigm for developing distributed real-time and embedded systems},
  author = {Aniruddha S. Gokhale and Krishnakumar Balasubramanian and Arvind S. Krishna and Jaiganesh Balasubramanian and George Edwards and Gan Deng and Emre Turkay and Jeffrey Parsons and Douglas C. Schmidt},
  year = {2008},
  doi = {http://dx.doi.org/10.1016/j.scico.2008.05.005},
  researchr = {http://researchr.org/publication/GokhaleBKBEDTPS08},
  journal = {Science of Computer Programming},
  volume = {73},
  number = {1},
}

@inproceedings{AJTK:ICMT09,
  title = {Model Superimposition in Software Product Lines},
  author = {Sven Apel and Florian Janda and Salvador Trujillo and Christian K{\"a}stner},
  year = {2009},
  month = {JUN},
  doi = {10.1007/978-3-642-02408-5_2},
  tags = {modeling, software engineering, case study, requirements engineering, DSLsAndPLE, software product lines, software product line, model-driven engineering},
  researchr = {http://researchr.org/publication/AJTK%3AICMT09},
  booktitle = {Proceedings of the Second International Conference on Model Transformation (ICMT)},
  volume = {5563},
  series = {Lecture Notes in Computer Science},
  publisher = {Springer Berlin Heidelberg},
  isbn = {978-3-642-02407-8},
}

@inproceedings{OldevikH07,
  title = {Higher-Order Transformations for Product Lines},
  author = {Jon Oldevik and Øystein Haugen},
  year = {2007},
  doi = {http://doi.ieeecomputersociety.org/10.1109/SPLINE.2007.11},
  tags = {dlmv},
  researchr = {http://researchr.org/publication/OldevikH07},
  booktitle = {Software Product Lines, 11th International Conference, SPLC 2007, Kyoto, Japan, September 10-14, 2007, Proceedings},
  publisher = {IEEE Computer Society},
}

@inproceedings{HessellundCW07,
  title = {Guided Development with Multiple Domain-Specific Languages},
  author = {Anders Hessellund and Krzysztof Czarnecki and Andrzej Wasowski},
  year = {2007},
  doi = {http://dx.doi.org/10.1007/978-3-540-75209-7_4},
  tags = {DSLsAndPLE},
  researchr = {http://researchr.org/publication/HessellundCW07},
  booktitle = {Model Driven Engineering Languages and Systems, 10th International Conference, MoDELS 2007, Nashville, USA, September 30 - October 5, 2007, Proceedings},
  editor = {Gregor Engels and Bill Opdyke and Douglas C. Schmidt and Frank Weil},
  volume = {4735},
  series = {Lecture Notes in Computer Science},
  publisher = {Springer},
  isbn = {978-3-540-75208-0},
}

@article{BirkHJSMM03,
  title = {Product Line Engineering: The State of the Practice},
  author = {Andreas Birk and Gerald Heller and Isabel John and Klaus Schmid and Thomas von der Maßen and Klaus Müller},
  year = {2003},
  doi = {http://csdl.computer.org/comp/mags/so/2003/06/s6052abs.htm},
  researchr = {http://researchr.org/publication/BirkHJSMM03},
  journal = {IEEE Software},
  volume = {20},
  number = {6},
}

@inproceedings{KatsV10a,
  title = {The Spoofax language workbench},
  author = {Lennart C. L. Kats and Eelco Visser},
  year = {2010},
  doi = {http://doi.acm.org/10.1145/1869542.1869592},
  tags = {Spoofax, workbench, language workbench},
  researchr = {http://researchr.org/publication/KatsV10a},
  pages = {237-238},
  booktitle = {Companion to the 25th Annual ACM SIGPLAN Conference on Object-Oriented Programming, Systems, Languages, and Applications, SPLASH/OOPSLA 2010, October 17-21, 2010, Reno/Tahoe, Nevada, USA},
  editor = {William R. Cook and Siobhán Clarke and Martin C. Rinard},
  publisher = {ACM},
  isbn = {978-1-4503-0240-1},
}

@inproceedings{BalasubramanianS08,
  title = {Physical Assembly Mapper: A Model-Driven Optimization Tool for QoS-Enabled Component Middleware},
  author = {Krishnakumar Balasubramanian and Douglas C. Schmidt},
  year = {2008},
  doi = {http://doi.ieeecomputersociety.org/10.1109/RTAS.2008.36},
  researchr = {http://researchr.org/publication/BalasubramanianS08},
  booktitle = {Proceedings of the 14th IEEE Real-Time and Embedded Technology and Applications Symposium, RTAS 2008, April 22-24, 2008, St. Louis, Missouri, USA},
  publisher = {IEEE Computer Society},
  isbn = {978-0-7695-3146-5},
}

@article{CzarneckiAK06,
  title = {Multi-level customization in application engineering},
  author = {Krzysztof Czarnecki and Michal Antkiewicz and Chang Hwan Peter Kim},
  year = {2006},
  doi = {http://doi.acm.org/10.1145/1183267},
  tags = {DSLsAndPLE},
  researchr = {http://researchr.org/publication/CzarneckiAK06},
  journal = {Communications of the ACM},
  volume = {49},
  number = {12},
}

@inproceedings{CzarneckiW07,
  title = {Feature Diagrams and Logics: There and Back Again},
  author = {Krzysztof Czarnecki and Andrzej Wasowski},
  year = {2007},
  doi = {http://doi.ieeecomputersociety.org/10.1109/SPLINE.2007.24},
  tags = {feature diagrams, DSLsAndPLE},
  researchr = {http://researchr.org/publication/CzarneckiW07},
  booktitle = {Software Product Lines, 11th International Conference, SPLC 2007, Kyoto, Japan, September 10-14, 2007, Proceedings},
  publisher = {IEEE Computer Society},
}

@inproceedings{VoelterSolomatov2010,
  title = {Language Modularization and Composition with Projectional Language Workbenches illustrated with MPS},
  author = {Markus Voelter and  Konstantin Solomatov},
  year = {2010},
  tags = {projectional editing, workbench, language composition, language workbench, modular languages, Domain-specific languages, Cobol, open-source, domain-specific language},
  researchr = {http://researchr.org/publication/VoelterSolomatov2010},
}

@misc{Fowler2004,
  title = {Language Workbenches: The Killer-App for Domain Specific Languages?},
  author = {Martin Fowler},
  year = {2005},
  doi = {http://www.martinfowler.com/articles/languageWorkbench.html},
  tags = {programming languages, programming, meta programming, language-oriented programming, LOP, domain-specific language},
  researchr = {http://researchr.org/publication/Fowler2004},
}

@inproceedings{KatsV10,
  title = {The {Spoofax} language workbench: rules for declarative specification of languages and {IDEs}},
  author = {Lennart C. L. Kats and Eelco Visser},
  year = {2010},
  doi = {http://doi.acm.org/10.1145/1869459.1869497},
  note = {(best student paper award)},
  tags = {Spoofax, workbench, language workbench},
  researchr = {http://researchr.org/publication/KatsV10},
  pages = {444-463},
  booktitle = {Proceedings of the 25th Annual ACM SIGPLAN Conference on Object-Oriented Programming, Systems, Languages, and Applications, OOPSLA 2010, October 17-21, 2010, Reno/Tahoe, Nevada, USA},
  editor = {William R. Cook and Siobhán Clarke and Martin C. Rinard},
  publisher = {ACM},
  isbn = {978-1-4503-0203-6},
}

@inproceedings{HeidenreichKW08,
  title = {FeatureMapper: mapping features to models},
  author = {Florian Heidenreich and Jan Kopcsek and Christian Wende},
  year = {2008},
  doi = {http://doi.acm.org/10.1145/1370175.1370199},
  tags = {sple, problem space, featuremapper, fosd, mapping, software product lines, solution space},
  researchr = {http://researchr.org/publication/HeidenreichKW08},
  booktitle = {30th International Conference on Software Engineering (ICSE 2008), Leipzig, Germany, May 10-18, 2008, Companion Volume},
  editor = {Wilhelm Schäfer and Matthew B. Dwyer and Volker Gruhn},
  publisher = {ACM},
  isbn = {978-1-60558-079-1},
}

@inproceedings{Voelter2010,
  title = {Implementing Feature Variability for Models and Code with Projectional Language Workbenches
},
  author = {Markus Voelter},
  year = {2010},
  tags = {programming languages, language composition, Domain-specific languages, programming, language engineering,  feature modeling, product line engineering, domain-specific language},
  researchr = {http://researchr.org/publication/Voelter2010},
}

@article{BeuchePS04,
  title = {Variability management with feature models},
  author = {Danilo Beuche and Holger Papajewski and Wolfgang Schröder-Preikschat},
  year = {2004},
  doi = {http://dx.doi.org/10.1016/j.scico.2003.04.005},
  researchr = {http://researchr.org/publication/BeuchePS04},
  journal = {Science of Computer Programming},
  volume = {53},
  number = {3},
}

@inproceedings{Schaefer10-1,
  title = {Variability Modelling for Model-Driven Development of Software Product Lines},
  author = {Ina Schaefer},
  year = {2010},
  doi = {http://www.vamos-workshop.net/proceedings/VaMoS_2010_Proceedings.pdf},
  tags = {software product lines},
  researchr = {http://researchr.org/publication/Schaefer10-1},
  pages = {85-92},
  booktitle = {Fourth International Workshop on Variability Modelling of Software-Intensive Systems, Linz, Austria, January 27-29, 2010. Proceedings},
  editor = {David Benavides and Don S. Batory and Paul Grünbacher},
  volume = {37},
  series = {ICB-Research Report},
  publisher = {Universität Duisburg-Essen},
}

@inproceedings{KATKB:TOOLS09,
  title = {Guaranteeing Syntactic Correctness for all Product Line Variants: A Language-Independent Approach},
  author = {Christian K{\"a}stner and Sven Apel and Salvador Trujillo and Martin Kuhlemann and Don Batory},
  year = {2009},
  month = {JUN},
  doi = {10.1007/978-3-642-02571-6},
  tags = { ifdef, XML, code generation, Haskell, CIDE, Variability-Aware Analysis, Java, C++, DSLsAndPLE, software product line,  syntax errors,  annotations},
  researchr = {http://researchr.org/publication/KATKB%3ATOOLS09},
  booktitle = {Proceedings of the 47th International Conference Objects, Models, Components, Patterns (TOOLS EUROPE)},
  volume = {33},
  series = {Lecture Notes in Business Information Processing},
  publisher = {Springer Berlin Heidelberg},
  isbn = {978-3-642-02570-9},
}

@inproceedings{GacekA01,
  title = {Implementing product line variabilities},
  author = {Cristina Gacek and Michalis Anastasopoules},
  year = {2001},
  doi = {http://doi.acm.org/10.1145/375212.375269},
  tags = {DSLsAndPLE},
  researchr = {http://researchr.org/publication/GacekA01},
  booktitle = {SSR},
}

@inproceedings{Voelter:MoDELS:2010,
  title = {Embedded Software Development with Projectional Language Workbenches},
  author = {Markus Voelter},
  year = {2010},
  tags = {language workbench, embedded software},
  researchr = {http://researchr.org/publication/Voelter%3AMoDELS%3A2010},
  booktitle = {Model Driven Engineering Languages and Systems, 13th International Conference, MODELS 2010, Oslo, Norway, October 3-8, 2010. Proceedings},
  editor = {Dorina Petriu and Nicolas Rouquette and Øystein Haugen},
  series = {Lecture Notes in Computer Science},
  publisher = {Springer},
}

@article{CzarneckiHE05,
  title = {Formalizing cardinality-based feature models and their specialization},
  author = {Krzysztof Czarnecki and Simon Helsen and Ulrich W. Eisenecker},
  year = {2005},
  doi = {http://dx.doi.org/10.1002/spip.213},
  tags = {DSLsAndPLE},
  researchr = {http://researchr.org/publication/CzarneckiHE05},
  journal = {Software Process: Improvement and Practice},
  volume = {10},
  number = {1},
}

@inproceedings{Voelter10-0,
  title = {Projectional Language Workbenches as a Foundation for Product Line Engineering},
  author = {Markus Voelter},
  year = {2010},
  tags = {language engineering, DSLsAndPLE},
  researchr = {http://researchr.org/publication/Voelter10-0},
  pages = {353-360},
  booktitle = {Software Engineering 2010 - Workshopband (inkl. Doktorandensymposium), Fachtagung des GI-Fachbereichs Softwaretechnik, 22.-26.02.2010, Paderborn},
  editor = {Gregor Engels and Markus Luckey and Alexander Pretschner and Ralf Reussner},
  volume = {160},
  series = {LNI},
  publisher = {GI},
  isbn = {978-3-88579-254-3},
}

@inproceedings{Muliawan08,
  title = {Extending a Model Transformation Language Using Higher Order Transformations},
  author = {Olaf Muliawan},
  year = {2008},
  doi = {http://dx.doi.org/10.1109/WCRE.2008.19},
  tags = {transformation, model transformation, dlmv},
  researchr = {http://researchr.org/publication/Muliawan08},
  booktitle = {WCRE 2008, Proceedings of the 15th Working Conference on Reverse Engineering, Antwerp, Belgium, October 15-18, 2008},
  publisher = {IEEE},
}

@inproceedings{Roos-Frantz09,
  title = {A Preliminary Comparison of Formal Properties on Orthogonal Variability Model and Feature Models},
  author = {Fabricia Roos-Frantz},
  year = {2009},
  doi = {http://www.vamos-workshop.net/proceedings/VaMoS_2009_Proceedings.pdf},
  researchr = {http://researchr.org/publication/Roos-Frantz09},
  booktitle = {Third International Workshop on Variability Modelling of Software-Intensive Systems, Seville, Spain, January 28-30, 2009. Proceedings},
  editor = {David Benavides and Andreas Metzger and Ulrich W. Eisenecker},
  volume = {29},
  series = {ICB Research Report},
  publisher = {Universitat Duisburg-Essen},
}

@inproceedings{acher-collet-etal:2009,
  title = {Composing Feature Models},
  author = {Mathieu Acher and Philippe Collet and Philippe Lahire and Robert France},
  year = {2009},
  month = {oct},
  tags = {modeling, software product line},
  researchr = {http://researchr.org/publication/acher-collet-etal%3A2009},
  booktitle = {2nd International Conference on Software Language Engineering (SLE'09), long paper},
  series = {LNCS},
  publisher = {LNCS},
}

@article{WhiteHGTGS09,
  title = {Improving Domain-Specific Language Reuse with Software Product Line Techniques},
  author = {Jules White and James H. Hill and Jeff Gray and Sumant Tambe and Aniruddha S. Gokhale and Douglas C. Schmidt},
  year = {2009},
  doi = {http://doi.ieeecomputersociety.org/10.1109/MS.2009.95},
  tags = {DSLsAndPLE, software product line, domain-specific language, reuse},
  researchr = {http://researchr.org/publication/WhiteHGTGS09},
  journal = {IEEE Software},
  volume = {26},
  number = {4},
}

@article{WhiteBSTDC10,
  title = {Automated diagnosis of feature model configurations},
  author = {Jules White and David Benavides and Douglas C. Schmidt and Pablo Trinidad and Brian Dougherty and Antonio Ruiz Cortés},
  year = {2010},
  doi = {http://dx.doi.org/10.1016/j.jss.2010.02.017},
  researchr = {http://researchr.org/publication/WhiteBSTDC10},
  journal = {Journal of Systems and Software},
  volume = {83},
  number = {7},
  pages = {1094-1107},
}

@inproceedings{Batory05,
  title = {Feature Models, Grammars, and Propositional Formulas},
  author = {Don S. Batory},
  year = {2005},
  doi = {http://dx.doi.org/10.1007/11554844_3},
  tags = {DSLsAndPLE},
  researchr = {http://researchr.org/publication/Batory05},
  booktitle = {Software Product Lines, 9th International Conference, SPLC 2005, Rennes, France, September 26-29, 2005, Proceedings},
  editor = {J. Henk Obbink and Klaus Pohl},
  volume = {3714},
  series = {Lecture Notes in Computer Science},
  publisher = {Springer},
  isbn = {3-540-28936-4},
}
