Bibliography downloaded from http://researchr.org/downloadbibtex/bibliography/dslbook/compact

@article{GroenewegenHV-IEEESW-2010,
  title = {Separation of Concerns and Linguistic Integration in {WebDSL}},
  author = {Danny M. Groenewegen and Zef Hemel and Eelco Visser},
  year = {2010},
  month = {September/October},
  doi = {http://dx.doi.org/10.1109/MS.2010.92},
  tags = {separation of concerns, consistency, WebDSL, linguistic integration, domain-specific language},
  researchr = {http://researchr.org/publication/GroenewegenHV-IEEESW-2010},
  cites = {12},
  citedby = {0},
  journal = {IEEE Software},
  volume = {27},
  number = {5},
}

@book{BerardB.BidoitM.FinkelA.LaroussinieF.PetitA.PetrucciL.SchnoebelenP.2001,
  title = {Systems and Software Verification},
  author = {Berard and B. and Bidoit and M. and Finkel and A. and Laroussinie and F. and Petit and A. and Petrucci and L. and Schnoebelen and P.},
  year = {2001},
  researchr = {http://researchr.org/publication/BerardB.BidoitM.FinkelA.LaroussinieF.PetitA.PetrucciL.SchnoebelenP.2001},
  cites = {0},
  citedby = {0},
  publisher = {Springer},
}

@book{RoyH2004,
  title = {Concepts, Techniques, and Models of Computer Programming},
  author = {Peter Van Roy and Seif Haridi},
  year = {2004},
  tags = {programming},
  researchr = {http://researchr.org/publication/RoyH2004},
  cites = {0},
  citedby = {0},
  publisher = {MIT Press},
  isbn = {0-262-22069-5},
}
