@ARTICLE{article,
    KEY       = "AB",
    AUTHOR    = "A. Ut and H. Or and Co Author",
    EDITOR    = "E.D.I. Thor and E. di Thor",
    ORGANIZATION = "Organization",
    TITLE     = "Title A: An Article",
    BOOKTITLE = "Booktitle",
    TYPE      = "Type",
    CHAPTER   = "II",
    EDITION   = "Second",
    YEAR      = "1987",
    MONTH     = "Month",
  noPAGES     = "1-999",
    EID       = "4",
    JOURNAL   = "Jounal",
    INSTITUTION = "Institution",
    SCHOOL    = "School",
    HOWPUBLISHED = "Howpublished",
    PUBLISHER = "Publisher",
    ADDRESS   = "Address",
    SERIES    = "Series",
    VOLUME    = "443",
    NUMBER    = "21",
    DOI       = "10.4204/EPTCS",
    URL       = "http://arxiv.org/abs/1009.3306",
    NOTE      = "Note"}

