@inproceedings{DeursenV02,
  title = {{The Reengineering Wiki}},
  author = {Arie van Deursen and Eelco Visser},
  year = {2002},
  doi = {http://csdl.computer.org/comp/proceedings/csmr/2002/1438/00/14380217abs.htm},
  tags = {annotated bibliography, reverse engineering, bibliography, reengineering, taxonomy, wiki},
  researchr = {http://researchr.org/publication/DeursenV02},
  cites = {0},
  citedby = {0},
  pages = {217-220},
  booktitle = {CSMR},
}

@inproceedings{GroenewegenV08,
  title = {Declarative Access Control for {WebDSL}: Combining Language Integration and Separation of Concerns},
  author = {Danny M. Groenewegen and Eelco Visser},
  year = {2008},
  doi = {http://dx.doi.org/10.1109/ICWE.2008.15},
  tags = {separation of concerns, DSL, language design, semantics, WebDSL, aspect weaving, design, access control, access control policies, domain-specific language},
  researchr = {http://researchr.org/publication/GroenewegenV08},
  cites = {26},
  citedby = {6},
  pages = {175-188},
  booktitle = {ICWE},
}

@mastersthesis{Visser:1993,
  title = {Combinatory Algebraic Specification \& Compilation of List Matching},
  author = {Visser, Eelco},
  year = {1993},
  month = {June},
  tags = {transformation, algebraic specification, SDF, rewriting, term rewriting, ASF+SDF, compiler},
  researchr = {http://researchr.org/publication/Visser%3A1993},
  cites = {0},
  citedby = {0},
  school = {Department of Computer Science, University of Amsterdam},
  address = {Amsterdam},
  advisor = {Paul Klint},
}

@article{Visser01:WRS,
  title = {A Survey of Strategies in Program Transformation Systems},
  author = {Eelco Visser},
  year = {2001},
  doi = {http://www.elsevier.nl/locate/entcs/volume57.html},
  tags = {program transformation, strategies, software language engineering, reverse engineering, language design, software engineering, transformation system, transformation engineering, language engineering, compiler, design, transformation, refactoring, Stratego, program optimization, survey, rewriting strategies},
  researchr = {http://researchr.org/publication/Visser01%3AWRS},
  cites = {0},
  citedby = {0},
  journal = {ENTCS},
  volume = {57},
}

@inproceedings{FischerV03:0,
  title = {Adding Concrete Syntax to a {Prolog}-Based Program Synthesis System (Extended Abstract)},
  author = {Bernd Fischer and Eelco Visser},
  year = {2003},
  doi = {http://springerlink.metapress.com/openurl.asp?genre=article&amp;issn=0302-9743&amp;volume=3018&amp;spage=56},
  tags = {program transformation, Prolog, transformation, Stratego, transformation system, abstract syntax, Stratego/XT, concrete syntax, meta programming, AutoBayes, concrete object syntax},
  researchr = {http://researchr.org/publication/FischerV03%3A0},
  cites = {0},
  citedby = {0},
  pages = {56-58},
  booktitle = {LOPSTR},
}

@inproceedings{GroenewegenHKV08:DSM,
  title = {When Frameworks Let You Down. {P}latform-Imposed Constraints on the Design and Evolution of Domain-Specific Languages},
  author = {Danny M. Groenewegen and Zef Hemel and Lennart C. L. Kats and Eelco Visser},
  year = {2008},
  month = {October},
  tags = {software evolution, DSL, language design, constraints, application framework, static analysis, WebDSL, domain analysis, framework, design, domain-specific language},
  researchr = {http://researchr.org/publication/GroenewegenHKV08%3ADSM},
  cites = {0},
  citedby = {2},
  booktitle = {DSM},
}

@inproceedings{Vis00,
  title = {Language Independent Traversals for Program Transformation},
  author = {Eelco Visser},
  year = {2000},
  month = {July},
  tags = {program transformation, transformation},
  researchr = {http://researchr.org/publication/Vis00},
  cites = {0},
  citedby = {0},
  booktitle = {Workshop on Generic Programming (WGP 2000)},
}

@inproceedings{KatsSV09,
  title = {Decorated Attribute Grammars: Attribute Evaluation Meets Strategic Programming},
  author = {Lennart C. L. Kats and Anthony M. Sloane and Eelco Visser},
  year = {2009},
  doi = {http://dx.doi.org/10.1007/978-3-642-00722-4_11},
  tags = {strategic programming, Stratego, Stratego/XT, attribute grammars, programming, grammar, traversal, rewriting, Aster, generic programming, etaps},
  researchr = {http://researchr.org/publication/KatsSV09},
  cites = {36},
  citedby = {1},
  pages = {142-157},
  booktitle = {CC},
}

@inproceedings{KatsV10a,
  title = {The {Spoofax} language workbench},
  author = {Lennart C. L. Kats and Eelco Visser},
  year = {2010},
  doi = {http://doi.acm.org/10.1145/1869542.1869592},
  tags = {Spoofax, workbench, language workbench},
  researchr = {http://researchr.org/publication/KatsV10a},
  cites = {0},
  citedby = {0},
  pages = {237-238},
  booktitle = {OOPSLA},
}

@techreport{WijngaardenVisser2003,
  title = {Program Transformation Mechanics. A Classification of Mechanisms for Program Transformation with a Survey of Existing Transformation Systems},
  author = {J. van Wijngaarden and E. Visser},
  year = {2003},
  tags = {program transformation, transformation, survey, classification},
  researchr = {http://researchr.org/publication/WijngaardenVisser2003},
  cites = {0},
  citedby = {1},
  institution = {Institute of Information and Computing Sciences, Utrecht University},
  number = {UU-CS-2003-048},
  address = {Utrecht, The Netherlands},
}

@article{DolstraV02,
  title = {Building Interpreters with Rewriting Strategies},
  author = {Eelco Dolstra and Eelco Visser},
  year = {2002},
  doi = {http://www.elsevier.com/gej-ng/31/29/23/117/52/show/Products/notes/index.htt#007},
  tags = {pattern matching, interpreters, dynamic rewrite rules, programming languages, semantics, Stratego, Stratego/XT, programming, rewriting, dynamic rules, parallel programming, pattern language, rewriting strategies},
  researchr = {http://researchr.org/publication/DolstraV02},
  cites = {0},
  citedby = {0},
  journal = {ENTCS},
  volume = {65},
  number = {3},
}

@inproceedings{Visser-SCAM-2005,
  title = {Transformations for Abstractions},
  author = {Eelco Visser},
  year = {2005},
  month = {October},
  doi = {http://dx.doi.org/10.1109/SCAM.2005.26},
  tags = {program transformation, programming languages, interpreters, transformation, Stratego, extensible languages, Stratego/XT, programming, case study, extensible language},
  researchr = {http://researchr.org/publication/Visser-SCAM-2005},
  cites = {0},
  citedby = {0},
  booktitle = {SCAM},
}

@inproceedings{KV07.spoofax,
  title = {Spoofax: An Interactive Development Environment for Program Transformation with Stratego/XT},
  author = {Karl Trygve Kalleberg and Eelco Visser},
  year = {2007},
  month = {March},
  tags = {program transformation, Spoofax, transformation, Stratego},
  researchr = {http://researchr.org/publication/KV07.spoofax},
  cites = {0},
  citedby = {0},
  booktitle = {Proceedings of the Seventh Workshop on Language Descriptions, Tools and Applications (LDTA 2007)},
}

@article{BravenboerKVV08,
  title = {{Stratego/XT 0.17}. {A} language and toolset for program transformation},
  author = {Martin Bravenboer and Karl Trygve Kalleberg and Rob Vermaas and Eelco Visser},
  year = {2008},
  doi = {http://dx.doi.org/10.1016/j.scico.2007.11.003},
  tags = {program transformation, DSL, transformation, Stratego, abstraction, reusable components, Stratego/XT, concrete syntax, concrete object syntax, rewriting strategies},
  researchr = {http://researchr.org/publication/BravenboerKVV08},
  cites = {0},
  citedby = {7},
  journal = {SCP},
  volume = {72},
  number = {1-2},
  pages = {52-70},
}

@techreport{Visser1997,
  title = {Scannerless Generalized-{LR} Parsing},
  author = {Visser, Eelco},
  year = {1997},
  month = {July},
  tags = {scannerless parsing, GLR, SDF, grammar, parsing, GLR parsing, SGLR, lexical syntax, parsing algorithm, disambiguation},
  researchr = {http://researchr.org/publication/Visser1997},
  cites = {0},
  citedby = {3},
  institution = {Programming Research Group, University of Amsterdam},
  number = {P9707},
}

@inproceedings{LV97,
  title = {Specification of Rewriting Strategies},
  author = {Luttik, Bas and Visser, Eelco},
  year = {1997},
  month = {November},
  tags = {traversal combinators, transformation, Stratego, traversal, term rewriting, ASF+SDF, rewriting strategies},
  researchr = {http://researchr.org/publication/LV97},
  cites = {0},
  citedby = {0},
  booktitle = {ASF+SDF},
}

@inproceedings{HemelV09,
  title = {{PIL}: A Platform Independent Language for Retargetable {DSLs}},
  author = {Zef Hemel and Eelco Visser},
  year = {2009},
  doi = {http://dx.doi.org/10.1007/978-3-642-12107-4_17},
  researchr = {http://researchr.org/publication/HemelV09},
  cites = {0},
  citedby = {1},
  pages = {224-243},
  booktitle = {SLE},
}

@inproceedings{FischerV03,
  title = {Retrofitting the AutoBayes Program Synthesis System with Concrete Syntax},
  author = {Bernd Fischer and Eelco Visser},
  year = {2003},
  doi = {http://springerlink.metapress.com/openurl.asp?genre=article&amp;issn=0302-9743&amp;volume=3016&amp;spage=239},
  tags = {abstract syntax, code generation, constraints, concrete syntax, language embedding, meta programming, program synthesis, migration, generic programming, Prolog, SDF, Stratego, Stratego/XT, programming, concrete object syntax, AutoBayes, program analysis},
  researchr = {http://researchr.org/publication/FischerV03},
  cites = {0},
  citedby = {0},
  pages = {239-253},
  booktitle = {dagstuhl},
}

@inproceedings{OlmosV03,
  title = {Turning Dynamic Typing into Static Typing by Program Specialization in a Compiler Front-end for {Octave}},
  author = {Karina Olmos and Eelco Visser},
  year = {2003},
  doi = {http://csdl.computer.org/comp/proceedings/scam/2003/2005/00/20050141abs.htm},
  tags = {program transformation, type system, transformation, Stratego, transformation system, Stratego/XT, interpreter, type checking, program specialization, compiler, Octave, dynamic typing},
  researchr = {http://researchr.org/publication/OlmosV03},
  cites = {0},
  citedby = {0},
  pages = {141-150},
  booktitle = {SCAM},
}

@inproceedings{Visser99,
  title = {Strategic Pattern Matching},
  author = {Eelco Visser},
  year = {1999},
  doi = {http://link.springer.de/link/service/series/0558/bibs/1631/16310030.htm},
  tags = {overlays, pattern matching, transformation, Stratego, Stratego/XT, rewriting, views, pattern language, rewriting strategies},
  researchr = {http://researchr.org/publication/Visser99},
  cites = {0},
  citedby = {0},
  pages = {30-44},
  booktitle = {RTA},
}

@article{JongeVV01,
  title = {{XT}: a bundle of program transformation tools},
  author = {Merijn de Jonge and Eelco Visser and Joost Visser},
  year = {2001},
  doi = {http://dx.doi.org/10.1016/S1571-0661(04)80921-6},
  tags = {program transformation, transformation, Stratego, Stratego/XT},
  researchr = {http://researchr.org/publication/JongeVV01},
  cites = {0},
  citedby = {0},
  journal = {ENTCS},
  volume = {44},
  number = {2},
}

@inproceedings{BravenboerV07,
  title = {Designing Syntax Embeddings and Assimilations for Language Libraries},
  author = {Martin Bravenboer and Eelco Visser},
  year = {2007},
  doi = {http://dx.doi.org/10.1007/978-3-540-69073-3_5},
  tags = {syntax embedding, language libraries, DSL, syntax definition, transformation, language design, architecture, design, assimilation, domain-specific language},
  researchr = {http://researchr.org/publication/BravenboerV07},
  cites = {24},
  citedby = {1},
  pages = {34-46},
  booktitle = {MoDELS},
}

@inproceedings{KatsVW10,
  title = {Pure and declarative syntax definition: paradise lost and regained},
  author = {Lennart C. L. Kats and Eelco Visser and Guido Wachsmuth},
  year = {2010},
  doi = {http://doi.acm.org/10.1145/1869459.1869535},
  tags = {syntax definition},
  researchr = {http://researchr.org/publication/KatsVW10},
  cites = {0},
  citedby = {0},
  pages = {918-932},
  booktitle = {OOPSLA},
}

@techreport{Visser-1997-SDF,
  title = {A Family of Syntax Definition Formalisms},
  author = {Eelco Visser},
  year = {1997},
  month = {August},
  tags = {syntax definition, SDF, parsing, scannerless, design, lexical syntax, disambiguation},
  researchr = {http://researchr.org/publication/Visser-1997-SDF},
  cites = {0},
  citedby = {2},
  institution = {Programming Research Group, University of Amsterdam},
  number = {P9706},
}

@inproceedings{KatsV10,
  title = {The {Spoofax} language workbench: rules for declarative specification of languages and {IDEs}},
  author = {Lennart C. L. Kats and Eelco Visser},
  year = {2010},
  doi = {http://doi.acm.org/10.1145/1869459.1869497},
  tags = {Spoofax, workbench, programming languages, language workbench, Eclipse, code generation, semantics, programming, meta programming, code completion, architecture, domain-specific language},
  researchr = {http://researchr.org/publication/KatsV10},
  cites = {0},
  citedby = {0},
  pages = {444-463},
  booktitle = {OOPSLA},
}

@inproceedings{BravenboerDV07,
  title = {Preventing injection attacks with syntax embeddings},
  author = {Martin Bravenboer and Eelco Dolstra and Eelco Visser},
  year = {2007},
  doi = {http://doi.acm.org/10.1145/1289971.1289975},
  tags = {XML, injection attack, language embedding, security, preventing injection attacks, Java, generic programming, programming languages, syntax embedding, DSL, SDF, embedded software, programming, SQL},
  researchr = {http://researchr.org/publication/BravenboerDV07},
  cites = {0},
  citedby = {4},
  pages = {3-12},
  booktitle = {GPCE},
}

@inproceedings{GroenewegenHKV08,
  title = {WebDSL: a domain-specific language for dynamic web applications},
  author = {Danny M. Groenewegen and Zef Hemel and Lennart C. L. Kats and Eelco Visser},
  year = {2008},
  doi = {http://doi.acm.org/10.1145/1449814.1449858},
  tags = {DSL, modeling, language modeling, WebDSL, logic, modeling language, access control, web applications, domain-specific language, workflow, web engineering},
  researchr = {http://researchr.org/publication/GroenewegenHKV08},
  cites = {0},
  citedby = {0},
  pages = {779-780},
  booktitle = {OOPSLA},
}

@inproceedings{BaggeKHV03,
  title = {Design of the {CodeBoost} Transformation System for Domain-Specific Optimisation of {C++} Programs},
  author = {Otto Skrove Bagge and Karl Trygve Kalleberg and Magne Haveraaen and Eelco Visser},
  year = {2003},
  doi = {http://csdl.computer.org/comp/proceedings/scam/2003/2005/00/20050065abs.htm},
  tags = {program transformation, language design, transformation system, domain analysis, parsing, design, CodeBoost, embedded software, transformation, Stratego, Stratego/XT, C++, program analysis, source-to-source, domain-specific language},
  researchr = {http://researchr.org/publication/BaggeKHV03},
  cites = {0},
  citedby = {0},
  pages = {65},
  booktitle = {SCAM},
}

@inproceedings{KatsVisser-SCAM-2010,
  title = {Encapsulating Software Platform Logic by Aspect-Oriented Programming: A Case Study in Using Aspects for Language Portability},
  author = {Lennart C. L. Kats and Eelco Visser},
  year = {2010},
  tags = {program transformation, programming languages, transformation, Stratego, transformation system, programming, case study, logic, compiler, aspect oriented programming, Java, logic programming},
  researchr = {http://researchr.org/publication/KatsVisser-SCAM-2010},
  cites = {0},
  citedby = {0},
  booktitle = {SCAM},
}

@misc{homepages-00-5705,
  title = {Home Page},
  author = {Eelco Visser},
  researchr = {http://researchr.org/publication/homepages-00-5705},
  cites = {0},
  citedby = {0},
}

@inproceedings{KKV08,
  title = {Generating Editors for Embedded Languages. Integrating SGLR into IMP},
  author = {Lennart C. L. Kats and Karl Trygve Kalleberg and Eelco Visser},
  year = {2008},
  month = {April},
  tags = {Spoofax, scannerless parsing, syntax definition, Eclipse, SDF, code generation, parsing, SQL, SGLR, domain-specific language, extensible language},
  researchr = {http://researchr.org/publication/KKV08},
  cites = {0},
  citedby = {1},
  booktitle = {LDTA},
}

@inproceedings{BrandV95,
  title = {The {Asf+Sdf} Meta-Environment Documentation Tools for Free!},
  author = {Mark van den Brand and Eelco Visser},
  year = {1995},
  doi = {http://dx.doi.org/10.1007/3-540-59293-8_242},
  tags = {SDF, Meta-Environment, software documentation, ASF+SDF, documentation, pretty-printing},
  researchr = {http://researchr.org/publication/BrandV95},
  cites = {0},
  citedby = {0},
  pages = {803-804},
  booktitle = {tapsoft},
}

@inproceedings{BravenboerTV06,
  title = {Declarative, formal, and extensible syntax definition for {AspectJ}},
  author = {Martin Bravenboer and Éric Tanter and Eelco Visser},
  year = {2006},
  doi = {http://doi.acm.org/10.1145/1167473.1167491},
  tags = {language composition, AspectJ, syntax definition, language design, design complexity, grammar, parsing, compiler, Java, design, SGLR, programming languages, design research, scannerless parsing, SDF, programming, aspect oriented programming, lexical syntax, extensible language},
  researchr = {http://researchr.org/publication/BravenboerTV06},
  cites = {0},
  citedby = {1},
  pages = {209-228},
  booktitle = {OOPSLA},
}

@inproceedings{KKV09,
  title = {Domain-Specific Languages for Composable Editor Plugins},
  author = {Lennart C. L. Kats and Karl Trygve Kalleberg and Eelco Visser},
  year = {2010},
  month = {sept},
  doi = {http://dx.doi.org/10.1016/j.entcs.2010.08.038},
  tags = {Spoofax, language composition, syntax definition, WebDSL, grammar, meta programming, web services, IDE, SGLR, semantic web, programming languages, Eclipse, DSL, SDF, web service, Stratego, semantics, programming, web applications, domain-specific language},
  researchr = {http://researchr.org/publication/KKV09},
  cites = {0},
  citedby = {2},
  booktitle = {Proceedings of The Ninth Workshop on Language Descriptions, Tools, and Applications (LDTA 2009)},
}

@article{BravenboerDV-SCP-2009,
  title = {Preventing injection attacks with syntax embeddings},
  author = {Martin Bravenboer and Eelco Dolstra and Eelco Visser},
  year = {2010},
  month = {July},
  doi = {http://dx.doi.org/10.1016/j.scico.2009.05.004},
  tags = {programming languages, embedded software, XML, programming, injection attack, SQL, Java, generic programming},
  researchr = {http://researchr.org/publication/BravenboerDV-SCP-2009},
  cites = {41},
  citedby = {0},
  journal = {SCP},
  volume = {75},
  number = {7},
  pages = {473-495},
}

@inproceedings{DolstraBV05,
  title = {Service configuration management},
  author = {Eelco Dolstra and Martin Bravenboer and Eelco Visser},
  year = {2005},
  doi = {http://doi.acm.org/10.1145/1109128.1109135},
  tags = {Nix, software components, software component, software configuration, service configuration management, deployment, software deployment, SCM},
  researchr = {http://researchr.org/publication/DolstraBV05},
  cites = {0},
  citedby = {0},
  pages = {83-98},
  booktitle = {SCM},
}

@article{BouwersBV08,
  title = {Grammar Engineering Support for Precedence Rule Recovery and Compatibility Checking},
  author = {Eric Bouwers and Martin Bravenboer and Eelco Visser},
  year = {2008},
  doi = {http://dx.doi.org/10.1016/j.entcs.2008.03.046},
  tags = {syntax definition, grammar, parsing, language engineering, precedence rule, compiler, migration, PHP, programming languages, grammar engineering, YACC, scannerless parsing, SDF, semantics, Stratego/XT, programming, priority, C++},
  researchr = {http://researchr.org/publication/BouwersBV08},
  cites = {0},
  citedby = {1},
  journal = {ENTCS},
  volume = {203},
  number = {2},
  pages = {85-101},
}

@article{KallebergV06,
  title = {Combining Aspect-Oriented and Strategic Programming},
  author = {Karl Trygve Kalleberg and Eelco Visser},
  year = {2006},
  doi = {http://dx.doi.org/10.1016/j.entcs.2005.06.035},
  tags = {program transformation, debugging, programming paradigms, type checking, type system, strategic programming, Stratego, transformation aspects, Stratego/XT, data-flow programming, programming, Strategic term rewriting, data-flow, term rewriting, rule-based, data-flow language, aspect oriented programming},
  researchr = {http://researchr.org/publication/KallebergV06},
  cites = {0},
  citedby = {0},
  journal = {ENTCS},
  volume = {147},
  number = {1},
  pages = {5-30},
}

@inproceedings{DolstraVJ04,
  title = {Imposing a Memory Management Discipline on Software Deployment},
  author = {Eelco Dolstra and Eelco Visser and Merijn de Jonge},
  year = {2004},
  doi = {http://csdl.computer.org/comp/proceedings/icse/2004/2163/00/21630583abs.htm},
  tags = {Nix, programming languages, software components, software component, memory management, programming, deployment, software deployment, generic programming},
  researchr = {http://researchr.org/publication/DolstraVJ04},
  cites = {0},
  citedby = {0},
  pages = {583-592},
  booktitle = {ICSE},
}

@inproceedings{GeestVDV08,
  title = {Generating Version Convertors for Domain-Specific Languages},
  author = {Gerardo de Geest and Sander Vermolen and Arie van Deursen and Eelco Visser},
  year = {2008},
  doi = {http://dx.doi.org/10.1109/WCRE.2008.50},
  tags = {evolution, software evolution, DSL, dsl-tools, convertors, language, domain-specific language},
  researchr = {http://researchr.org/publication/GeestVDV08},
  cites = {0},
  citedby = {0},
  pages = {197-201},
  booktitle = {wcre},
}

@inproceedings{BravenboerKVV06,
  title = {{Stratego/XT 0.16}: components for transformation systems},
  author = {Martin Bravenboer and Karl Trygve Kalleberg and Rob Vermaas and Eelco Visser},
  year = {2006},
  doi = {http://doi.acm.org/10.1145/1111542.1111558},
  tags = {program transformation, transformation, Stratego, abstraction, reusable components, Stratego/XT, concrete syntax, concrete object syntax, rewriting strategies},
  researchr = {http://researchr.org/publication/BravenboerKVV06},
  cites = {0},
  citedby = {0},
  pages = {95-99},
  booktitle = {PEPM},
}

@inproceedings{DolstraJV04,
  title = {Nix: A Safe and Policy-Free System for Software Deployment},
  author = {Eelco Dolstra and Merijn de Jonge and Eelco Visser},
  year = {2004},
  doi = {http://www.usenix.org/publications/library/proceedings/lisa04/tech/dolstra.html},
  tags = {Nix, software components, software component, deployment, software deployment},
  researchr = {http://researchr.org/publication/DolstraJV04},
  cites = {0},
  citedby = {0},
  pages = {79-92},
  booktitle = {lisa},
}

@article{Sloane2010205,
  title = {A Pure Object-Oriented Embedding of Attribute Grammars},
  author = {Anthony M. Sloane and Lennart C. L. Kats and Eelco Visser},
  year = {2010},
  doi = {http://dx.doi.org/10.1016/j.entcs.2010.08.043},
  tags = {programming languages, pattern matching, functional programming, object-oriented programming, attribute grammars, programming, grammar, domain analysis, Scala, pattern language, domain-specific language},
  researchr = {http://researchr.org/publication/Sloane2010205},
  cites = {0},
  citedby = {0},
  journal = {Proceedings of The Ninth Workshop on Language Descriptions, Tools, and Applications (LDTA 2009)},
  volume = {253},
  number = {7},
}

@inproceedings{VisserBT98,
  title = {Building Program Optimizers with Rewriting Strategies},
  author = {Eelco Visser and Zine-El-Abidine Benaissa and Andrew P. Tolmach},
  year = {1998},
  doi = {http://doi.acm.org/10.1145/289423.289425},
  tags = {program transformation, variable binding, Stratego, semantics, program optimization, Stratego/XT, rewriting, term rewriting, C++, rewriting strategies},
  researchr = {http://researchr.org/publication/VisserBT98},
  cites = {0},
  citedby = {5},
  pages = {13-26},
  booktitle = {ICFP},
}

@inproceedings{JongeNKV09,
  title = {Natural and Flexible Error Recovery for Generated Parsers},
  author = {Maartje de Jonge and Emma Nilsson-Nyman and Lennart C. L. Kats and Eelco Visser},
  year = {2009},
  doi = {http://dx.doi.org/10.1007/978-3-642-12107-4_16},
  tags = {Eclipse, semantics, grammar, parsing, Java, SGLR, error recovery},
  researchr = {http://researchr.org/publication/JongeNKV09},
  cites = {0},
  citedby = {0},
  pages = {204-223},
  booktitle = {SLE},
}

@article{DuranRBBEKKMSV09,
  title = {The Second Rewrite Engines Competition},
  author = {Francisco Durán and Manuel Roldán and Emilie Balland and Mark van den Brand and Steven Eker and Karl Trygve Kalleberg and Lennart C. L. Kats and Pierre-Etienne Moreau and Ruslan Shevchenko and Eelco Visser},
  year = {2009},
  doi = {http://dx.doi.org/10.1016/j.entcs.2009.05.025},
  tags = {rewrite engine, SDF, Stratego, logic, term rewriting, ASF+SDF, rewriting strategies},
  researchr = {http://researchr.org/publication/DuranRBBEKKMSV09},
  cites = {0},
  citedby = {0},
  journal = {ENTCS},
  volume = {238},
  number = {3},
  pages = {281-291},
}

@inproceedings{GroenewegenV09-0,
  title = {Weaving web applications with WebDSL: (demonstration)},
  author = {Danny M. Groenewegen and Eelco Visser},
  year = {2009},
  doi = {http://doi.acm.org/10.1145/1639950.1640020},
  tags = {WebDSL, data validation, compiler, Java, access control, web applications, domain-specific language, workflow},
  researchr = {http://researchr.org/publication/GroenewegenV09-0},
  cites = {0},
  citedby = {0},
  pages = {797-798},
  booktitle = {OOPSLA},
}

@inproceedings{BrandSVV02,
  title = {Disambiguation Filters for Scannerless Generalized {LR} Parsers},
  author = {Mark van den Brand and Jeroen Scheerder and Jurgen J. Vinju and Eelco Visser},
  year = {2002},
  doi = {http://link.springer.de/link/service/series/0558/bibs/2304/23040143.htm},
  tags = {scannerless parsing, GLR, syntax definition, SDF, parsing, GLR parsing, scannerless, SGLR, lexical syntax, disambiguation},
  researchr = {http://researchr.org/publication/BrandSVV02},
  cites = {0},
  citedby = {4},
  pages = {143-158},
  booktitle = {CC},
}

@inproceedings{BravenboerV02,
  title = {Rewriting Strategies for Instruction Selection},
  author = {Martin Bravenboer and Eelco Visser},
  year = {2002},
  doi = {http://link.springer.de/link/service/series/0558/bibs/2378/23780237.htm},
  tags = {program transformation, transformation, Stratego, code generation, Stratego/XT, programming, compilation, rewriting, term rewriting, compilers, instruction selection, rewriting strategies},
  researchr = {http://researchr.org/publication/BravenboerV02},
  cites = {0},
  citedby = {0},
  pages = {237-251},
  booktitle = {RTA},
}

@inproceedings{KatsKV-SLE-2010,
  title = {Interactive Disambiguation of Meta Programs with Concrete Object Syntax},
  author = {Lennart C. L. Kats and Karl Trygve Kalleberg and Eelco Visser},
  year = {2011},
  tags = {Spoofax, programming languages, discoverability, abstract syntax, programming, grammar, concrete syntax, meta programming, concrete object syntax, architecture, IDE, disambiguation},
  researchr = {http://researchr.org/publication/KatsKV-SLE-2010},
  cites = {0},
  citedby = {0},
  booktitle = {SLE},
}

@inproceedings{OlmosV05,
  title = {Composing Source-to-Source Data-Flow Transformations with Rewriting Strategies and Dependent Dynamic Rewrite Rules},
  author = {Karina Olmos and Eelco Visser},
  year = {2005},
  doi = {http://springerlink.metapress.com/openurl.asp?genre=article&amp;issn=0302-9743&amp;volume=3443&amp;spage=204},
  tags = {program transformation, variable binding, dependent dynamic rewrite rules, intermediate representation, domain analysis, dynamic rewrite rules, data-flow analysis, modeling, transformation, refactoring, Stratego, language modeling, data-flow programming, Stratego/XT, programming, data-flow, data-flow language, modeling language, dynamic rules, rewriting strategies, source-to-source, program analysis, domain-specific language},
  researchr = {http://researchr.org/publication/OlmosV05},
  cites = {0},
  citedby = {0},
  pages = {204-220},
  booktitle = {CC},
}

@techreport{HemelVisser2011,
  title = {{Programming the Mobile Web with Mobl}},
  author = {Zef Hemel and Eelco Visser},
  year = {2011},
  month = {January},
  doi = {http://swerl.tudelft.nl/twiki/pub/Main/TechnicalReports/TUD-SERG-2011-001.pdf},
  tags = {language design, code generation, constraints, web services, design, programming languages, mobile code, modeling, language modeling, programming, interaction design, mobile, modeling language, web applications},
  researchr = {http://researchr.org/publication/HemelVisser2011},
  cites = {0},
  citedby = {0},
  institution = {Delft University of Technology},
  number = {2011-01},
}

@article{BrandV96,
  title = {Generation of Formatters for Context-Free Languages},
  author = {Mark van den Brand and Eelco Visser},
  year = {1996},
  doi = {http://doi.acm.org/10.1145/226155.226156},
  tags = {programming languages, software language engineering, algebraic specification, software engineering, abstract syntax, programming, grammar, language engineering, ASF+SDF, source code formatting, pretty-printing},
  researchr = {http://researchr.org/publication/BrandV96},
  cites = {46},
  citedby = {12},
  journal = {TOSEM},
  volume = {5},
  number = {1},
  pages = {1-41},
}

@incollection{Vis96.mls,
  title = {Multi-Level Specifications},
  author = {Visser, Eelco},
  year = {1996},
  month = {September},
  tags = {type system, syntax definition,  algebra, algebraic specification, SDF, abstraction, semantics, language prototyping, multi-level specification, ASF+SDF, design, C++},
  researchr = {http://researchr.org/publication/Vis96.mls},
  cites = {0},
  citedby = {0},
  booktitle = {Language Prototyping. An Algebraic Specification Approach},
  editor = {A.  van Deursen and J. Heering and P.  Klint},
  volume = {5},
  series = {AMAST Series in Computing},
  address = {Singapore},
  publisher = {World Scientific},
}

@article{OlmosV02,
  title = {Strategies for Source-to-Source Constant Progagation},
  author = {Karina Olmos and Eelco Visser},
  year = {2002},
  doi = {http://www.elsevier.com/gej-ng/31/29/23/125/47/show/Products/notes/index.htt#009},
  tags = {program transformation, constant propagation, transformation, Stratego, transformation system, abstract syntax, program optimization, Stratego/XT, dynamic rewrite rules, rewriting strategies, source-to-source},
  researchr = {http://researchr.org/publication/OlmosV02},
  cites = {0},
  citedby = {0},
  journal = {ENTCS},
  volume = {70},
  number = {6},
}

@inproceedings{Visser07,
  title = {{WebDSL}: {A} Case Study in Domain-Specific Language Engineering},
  author = {Eelco Visser},
  year = {2007},
  doi = {http://dx.doi.org/10.1007/978-3-540-88643-3_7},
  tags = {DSL engineering, software components, software language engineering, software engineering, language design, WebDSL, language engineering, language, design, web application development, web engineering, DSL, SDF, Stratego, reusable components, Stratego/XT, case study, survey, web applications, domain-specific language},
  researchr = {http://researchr.org/publication/Visser07},
  cites = {0},
  citedby = {7},
  pages = {291-373},
  booktitle = {GTTSE},
}

@article{SCP-GPCE-2011,
  title = {Generative Programming and Component Engineering (Selected papers from {GPCE 2004/2005})},
  author = {Robert Glueck and Eelco Visser},
  year = {2011},
  doi = {http://dx.doi.org/10.1016/j.scico.2011.02.00},
  tags = {programming, generative programming},
  researchr = {http://researchr.org/publication/SCP-GPCE-2011},
  cites = {0},
  citedby = {0},
  journal = {SCP},
  volume = {76},
  pages = {347-348},
}

@inproceedings{Vis95.sdf,
  title = {A Family of Syntax Definition Formalisms},
  author = {Eelco Visser},
  year = {1995},
  month = {May},
  tags = {syntax definition, algebraic specification, SDF, abstract syntax, parsing, ASF+SDF, design, syntax definition formalism, lexical syntax, disambiguation},
  researchr = {http://researchr.org/publication/Vis95.sdf},
  cites = {0},
  citedby = {0},
  booktitle = {ASF+SDF},
}

@inproceedings{LammelVV03,
  title = {Strategic programming meets adaptive programming},
  author = {Ralf Lämmel and Eelco Visser and Joost Visser},
  year = {2003},
  doi = {http://doi.acm.org/10.1145/643603.643621},
  tags = {strategies, separation of concerns, adaptive programming, strategic programming, programming, traversal, aspect oriented programming, rewriting strategies, generic programming},
  researchr = {http://researchr.org/publication/LammelVV03},
  cites = {0},
  citedby = {1},
  pages = {168-177},
  booktitle = {AOSD},
}

@inproceedings{Visser02,
  title = {Meta-programming with Concrete Object Syntax},
  author = {Eelco Visser},
  year = {2002},
  doi = {http://link.springer.de/link/service/series/0558/bibs/2487/24870299.htm},
  tags = {program transformation, syntax definition, abstract syntax, meta programming, concrete syntax, parsing, programming languages, scannerless parsing, SDF, transformation, Stratego, Stratego/XT, case study, programming, concrete object syntax},
  researchr = {http://researchr.org/publication/Visser02},
  cites = {23},
  citedby = {6},
  pages = {299-315},
  booktitle = {GPCE},
}

@inproceedings{BDV09.cloud,
  title = {Software deployment in a dynamic cloud: From device to service orientation in a hospital environment},
  author = {Sander van der Burg and Eelco Dolstra and Eelco Visser and Merijn de Jonge},
  year = {2009},
  month = {May},
  doi = {http://dx.doi.org/10.1109/CLOUD.2009.5071534},
  tags = {Nix, software components, distributed deployment, deployment, software deployment, architecture, software architecture},
  researchr = {http://researchr.org/publication/BDV09.cloud},
  cites = {0},
  citedby = {0},
  booktitle = {CLOUD},
}

@inproceedings{Visser03,
  title = {Program Transformation with {Stratego/XT}: Rules, Strategies, Tools, and Systems in {Stratego/XT 0.9}},
  author = {Eelco Visser},
  year = {2003},
  doi = {http://springerlink.metapress.com/openurl.asp?genre=article&amp;issn=0302-9743&amp;volume=3016&amp;spage=216},
  tags = {program transformation, transformation, Stratego, abstraction, Stratego/XT, parsing, rewriting strategies},
  researchr = {http://researchr.org/publication/Visser03},
  cites = {0},
  citedby = {3},
  pages = {216-238},
  booktitle = {dagstuhl},
}

@inproceedings{VermolenV08,
  title = {Heterogeneous Coupled Evolution of Software Languages},
  author = {Sander Vermolen and Eelco Visser},
  year = {2008},
  doi = {http://dx.doi.org/10.1007/978-3-540-87875-9_44},
  tags = {heterogeneous, software evolution, software languages, coupled, model, format evolution, coupled evolution, architecture, evolution, modeling, transformation, languages, language modeling, database, modeling language, model transformation, software architecture, domain-specific language},
  researchr = {http://researchr.org/publication/VermolenV08},
  cites = {0},
  citedby = {1},
  pages = {630-644},
  booktitle = {MoDELS},
}

@article{RamalingamVisser2011,
  title = {Partial Evaluation and Program Manipulation (Selected papers from {PEPM} 2007)},
  author = {Ganesan Ramalingam and Eelco Visser},
  year = {2011},
  doi = {http://dx.doi.org/10.1016/j.scico.2011.01.00},
  tags = {partial evaluation},
  researchr = {http://researchr.org/publication/RamalingamVisser2011},
  cites = {0},
  citedby = {0},
  journal = {SCP},
  volume = {76},
  pages = {467-468},
}

@article{GroenewegenHV-IEEESW-2010,
  title = {Separation of Concerns and Linguistic Integration in {WebDSL}},
  author = {Danny M. Groenewegen and Zef Hemel and Eelco Visser},
  year = {2010},
  month = {September/October},
  doi = {http://dx.doi.org/10.1109/MS.2010.92},
  tags = {separation of concerns, WebDSL, linguistic integration, domain-specific language},
  researchr = {http://researchr.org/publication/GroenewegenHV-IEEESW-2010},
  cites = {12},
  citedby = {0},
  journal = {IEEE Software},
  volume = {27},
  number = {5},
}

@article{HemelKGV-2010,
  title = {Code generation by model transformation: a case study in transformation modularity},
  author = {Zef Hemel and Lennart C. L. Kats and Danny M. Groenewegen and Eelco Visser},
  year = {2010},
  month = {June},
  doi = {http://dx.doi.org/10.1007/s10270-009-0136-1},
  tags = {program transformation, separation of concerns, software language engineering, code generation, software engineering, WebDSL, domain analysis, transformation engineering, language engineering, architecture, DSL, transformation, Stratego, Stratego/XT, case study, model transformation, software architecture, program analysis, domain-specific language, model-driven engineering},
  researchr = {http://researchr.org/publication/HemelKGV-2010},
  cites = {68},
  citedby = {2},
  journal = {SoSyM},
  volume = {9},
  number = {3},
  pages = {375-402},
}

@incollection{Visser1997-1,
  title = {Domain-specific language engineering},
  author = {Eelco Visser},
  year = {2007},
  tags = {language engineering, domain-specific language},
  researchr = {http://researchr.org/publication/Visser1997-1},
  cites = {0},
  citedby = {2},
  booktitle = {Pre-Proceedings of the International Summer School on Generative and Transformational Techniques in Software Engineering (GTTSE 2007)},
  address = {Braga, Portugal},
  organization = {Universidade do Minho},
}

@inproceedings{KlintV94,
  title = {Using Filters for the Disambiguation of Context-free Grammars},
  author = {Klint, Paul  and Visser, Eelco},
  year = {1994},
  month = {October},
  tags = {case study, grammar, parsing, disambiguation},
  researchr = {http://researchr.org/publication/KlintV94},
  cites = {0},
  citedby = {0},
  booktitle = {Proc. ASMICS Workshop on Parsing Theory},
}

@phdthesis{Vis97.thesis,
  title = {Syntax Definition for Language Prototyping},
  author = {Visser, Eelco},
  year = {1997},
  month = {September},
  tags = {syntax definition, algebraic specification, language design, parsing, design, SGLR, disambiguation, testing, scannerless parsing, SDF, rewriting, ASF+SDF, syntax definition formalism},
  researchr = {http://researchr.org/publication/Vis97.thesis},
  cites = {0},
  citedby = {6},
  school = {University of Amsterdam},
  advisor = {Paul Klint},
}

@inproceedings{KatsJNV09,
  title = {Providing rapid feedback in generated modular language environments: adding error recovery to scannerless {generalized-LR} parsing},
  author = {Lennart C. L. Kats and Maartje de Jonge and Emma Nilsson-Nyman and Eelco Visser},
  year = {2009},
  doi = {http://doi.acm.org/10.1145/1640089.1640122},
  tags = {scannerless parsing, SDF, Stratego, code generation, principles, semantics, grammar, parsing, Java, parsing algorithm, island grammars},
  researchr = {http://researchr.org/publication/KatsJNV09},
  cites = {0},
  citedby = {1},
  pages = {445-464},
  booktitle = {OOPSLA},
}

@inproceedings{BravenboerV08,
  title = {Parse Table Composition},
  author = {Martin Bravenboer and Eelco Visser},
  year = {2009},
  doi = {http://dx.doi.org/10.1007/978-3-642-00434-6_6},
  tags = {programming languages, language composition, syntax definition, SDF, programming, grammar, deployment, parsing, compiler, parse table composition, parsing algorithm, extensible language},
  researchr = {http://researchr.org/publication/BravenboerV08},
  cites = {0},
  citedby = {0},
  pages = {74-94},
  booktitle = {SLE},
}

@article{JohannV01,
  title = {Fusing Logic and Control with Local Transformations: An Example Optimization},
  author = {Patricia Johann and Eelco Visser},
  year = {2001},
  doi = {http://www.elsevier.nl/locate/entcs/volume57.html},
  tags = {program transformation, separation of concerns, innermost rewriting, logic programming, generic programming, transformation, Stratego, Stratego/XT, program optimization, programming, term rewriting, logic, rewriting, rewriting strategies},
  researchr = {http://researchr.org/publication/JohannV01},
  cites = {0},
  citedby = {0},
  journal = {ENTCS},
  volume = {57},
}

@inproceedings{KatsBV08,
  title = {Mixing source and bytecode: a case for compilation by normalization},
  author = {Lennart C. L. Kats and Martin Bravenboer and Eelco Visser},
  year = {2008},
  doi = {http://doi.acm.org/10.1145/1449764.1449772},
  tags = {synchronization, Stratego, constraints, Stratego/XT, security, JavaFront, compiler, Dryad, Java, compilation by normalization, domain-specific language, extensible language},
  researchr = {http://researchr.org/publication/KatsBV08},
  cites = {44},
  citedby = {3},
  pages = {91-108},
  booktitle = {OOPSLA},
}

@inproceedings{GroenewegenV-SLE-2009,
  title = {Integration of Data Validation and User Interface Concerns in a {DSL} for Web Applications},
  author = {Danny M. Groenewegen and Eelco Visser},
  year = {2010},
  doi = {http://dx.doi.org/10.1007/978-3-642-12107-4},
  tags = { action semantics, code generation, constraints, WebDSL, web engineering, modeling, DSL, semantics, language modeling, data validation, modeling language, web applications, domain-specific language},
  researchr = {http://researchr.org/publication/GroenewegenV-SLE-2009},
  cites = {0},
  citedby = {2},
  booktitle = {SLE},
}

@article{GroenewegenVisser-SOSYM-2011,
  title = {Integration of Data Validation and User Interface Concerns in a DSL for Web Applications},
  author = {Danny Groenewegen and Eelco Visser},
  year = {2011},
  doi = {http://dx.doi.org/10.1007/s10270-010-0173-9},
  tags = {syntax definition,  action semantics, code generation, constraints, WebDSL, modeling, DSL, semantics, language modeling, data validation, modeling language, web applications, domain-specific language},
  researchr = {http://researchr.org/publication/GroenewegenVisser-SOSYM-2011},
  cites = {32},
  citedby = {0},
  journal = {SoSyM},
}

@article{DolstraFlorijnde-JongeVisser2004,
  title = {Transparantie in variabiliteit: Heldere keuzes in een eenduidige configuratieomgeving},
  author = {Eelco Dolstra and Gert Florijn and Merijn de Jonge and Eelco Visser},
  year = {2004},
  month = {February},
  researchr = {http://researchr.org/publication/DolstraFlorijnde-JongeVisser2004},
  cites = {0},
  citedby = {0},
  journal = {Informatie},
  volume = {46},
  number = {1},
  pages = {18-21},
}

@article{VisserB98,
  title = {A core language for rewriting},
  author = {Eelco Visser and Zine-El-Abidine Benaissa},
  year = {1998},
  doi = {http://dx.doi.org/10.1016/S1571-0661(05)80027-1},
  tags = {traversal, rewriting, term rewriting, ASF+SDF, rewriting strategies},
  researchr = {http://researchr.org/publication/VisserB98},
  cites = {0},
  citedby = {0},
  journal = {ENTCS},
  volume = {15},
}

@inproceedings{HemelVV08,
  title = {{WebWorkFlow}: An Object-Oriented Workflow Modeling Language for Web Applications},
  author = {Zef Hemel and Ruben Verhaaf and Eelco Visser},
  year = {2008},
  doi = {http://dx.doi.org/10.1007/978-3-540-87875-9_8},
  tags = {process modeling, DSL, modeling, language modeling, WebDSL, WebWorkFlow, modeling language, web applications, workflow patterns, domain-specific language, workflow, web engineering},
  researchr = {http://researchr.org/publication/HemelVV08},
  cites = {0},
  citedby = {6},
  pages = {113-127},
  booktitle = {MoDELS},
}

@article{KallebergV08,
  title = {Fusing a Transformation Language with an Open Compiler},
  author = {Karl Trygve Kalleberg and Eelco Visser},
  year = {2008},
  doi = {http://dx.doi.org/10.1016/j.entcs.2008.03.042},
  tags = {program transformation, Spoofax, transformation language, abstract syntax, transformation system, interpreter, compiler, Java, type system, Eclipse, transformation, Stratego, Eclipse Java Compiler, Stratego/XT, open compiler, logic, program analysis, reuse},
  researchr = {http://researchr.org/publication/KallebergV08},
  cites = {0},
  citedby = {1},
  journal = {ENTCS},
  volume = {203},
  number = {2},
  pages = {21-36},
}

@inproceedings{VoelterVisser2011,
  title = {Product Line Engineering using Domain-Specific Languages},
  author = {Markus Voelter and Eelco Visser},
  year = {2011},
  tags = {programming languages, modeling, application framework, programming},
  researchr = {http://researchr.org/publication/VoelterVisser2011},
  cites = {0},
  citedby = {0},
  booktitle = {Software Product Line Conference},
}

@inproceedings{Visser01,
  title = {Stratego: A Language for Program Transformation Based on Rewriting Strategies},
  author = {Eelco Visser},
  year = {2001},
  doi = {http://link.springer.de/link/service/series/0558/bibs/2051/20510357.htm},
  tags = {program transformation, software language engineering, termination, software engineering, transformation system, transformation engineering, language engineering, compiler, migration, transformation, refactoring, Stratego, Stratego/XT, program optimization, traversal, rewriting, term rewriting, rewriting strategies},
  researchr = {http://researchr.org/publication/Visser01},
  cites = {0},
  citedby = {1},
  pages = {357-362},
  booktitle = {RTA},
}

@article{Visser01a,
  title = {Scoped Dynamic Rewrite Rules},
  author = {Eelco Visser},
  year = {2001},
  doi = {http://www.elsevier.nl/locate/entcs/volume59.html},
  tags = {program transformation, transformation, Stratego, Stratego/XT, dynamic rewrite rules, rewriting, term rewriting, access control, rewriting strategies},
  researchr = {http://researchr.org/publication/Visser01a},
  cites = {0},
  citedby = {0},
  journal = {ENTCS},
  volume = {59},
  number = {4},
}

@techreport{Vis97.cc,
  title = {Character Classes},
  author = {Visser, Eelco},
  year = {1997},
  month = {August},
  tags = {syntax definition, algebraic specification, SDF, rewriting, character class, term rewriting},
  researchr = {http://researchr.org/publication/Vis97.cc},
  cites = {0},
  citedby = {0},
  institution = {Programming Research Group, University of Amsterdam},
  number = {P9708},
}

@techreport{Visser2010,
  title = {Performing Systematic Literature Reviews with Researchr: Tool Demonstration},
  author = {Eelco Visser},
  year = {2010},
  month = {May},
  doi = {http://swerl.tudelft.nl/twiki/pub/Main/TechnicalReports/TUD-SERG-2010-10.pdf},
  tags = {systematic review, digital library, workflow},
  researchr = {http://researchr.org/publication/Visser2010},
  cites = {11},
  citedby = {0},
  institution = {Software Engineering Research Group, Delft University of Technology},
  number = {TUD-SERG-2010-010},
  address = {Delft, The Netherlands},
}

@article{Visser98,
  title = {Polymorphic Syntax Definition},
  author = {Eelco Visser},
  year = {1998},
  doi = {http://dx.doi.org/10.1016/S0304-3975(97)00268-5},
  tags = {syntax definition,  algebra, algebraic specification, abstract syntax, signature, grammar, parsing, parsing algorithm},
  researchr = {http://researchr.org/publication/Visser98},
  cites = {0},
  citedby = {0},
  journal = {TCS},
  volume = {199},
  number = {1-2},
  pages = {57-86},
}

@article{Visser05,
  title = {A survey of strategies in rule-based program transformation systems},
  author = {Eelco Visser},
  year = {2005},
  doi = {http://dx.doi.org/10.1016/j.jsc.2004.12.011},
  tags = {program transformation, context-sensitive transformation, program representation, pattern matching, transformation system, program transformation system, parsing, tree parsing, strategy annotations, congruence operators, strategy combinators, generic traversal strategies, transformation, rule-based program transformation, attribute grammars, transformation strategy, traversal, rewriting, transformation strategies, term rewriting, survey, rule-based, rewriting strategies, tree traversal},
  researchr = {http://researchr.org/publication/Visser05},
  cites = {1},
  citedby = {1},
  journal = {JSC},
  volume = {40},
  number = {1},
  pages = {831-873},
}

@inproceedings{BrandDHJJKKMOSVVV01,
  title = {The {ASF+SDF} Meta-environment: A Component-Based Language Development Environment},
  author = {Mark van den Brand and Arie van Deursen and Jan Heering and H. A. de Jong and Merijn de Jonge and Tobias Kuipers and Paul Klint and Leon Moonen and Pieter A. Olivier and Jeroen Scheerder and Jurgen J. Vinju and Eelco Visser and Joost Visser},
  year = {2001},
  doi = {http://link.springer.de/link/service/series/0558/bibs/2027/20270365.htm},
  tags = {DSL, SDF, Cobol, Meta-Environment, metaprogramming, ASF+SDF, architecture},
  researchr = {http://researchr.org/publication/BrandDHJJKKMOSVVV01},
  cites = {0},
  citedby = {2},
  pages = {365-370},
  booktitle = {CC},
}

@article{JohannV00,
  title = {Warm fusion in {Stratego}: A case study in generation of program transformation systems},
  author = {Patricia Johann and Eelco Visser},
  year = {2000},
  doi = {http://dx.doi.org/10.1023/A:1018956702672},
  tags = {program transformation, deforestation, language design, code generation, transformation system, Haskell, design, transformation, Stratego, Stratego/XT, program optimization, case study, little language, warm fusion, rewriting strategies, domain-specific language, extensible language},
  researchr = {http://researchr.org/publication/JohannV00},
  cites = {1},
  citedby = {0},
  journal = {AMAI},
  volume = {29},
  number = {1-4},
  pages = {1-34},
}

@inproceedings{BravenboerVVV05,
  title = {Generalized Type-Based Disambiguation of Meta Programs with Concrete Object Syntax},
  author = {Martin Bravenboer and Rob Vermaas and Jurgen J. Vinju and Eelco Visser},
  year = {2005},
  doi = {http://dx.doi.org/10.1007/11561347_12},
  tags = {AspectJ, syntax definition, meta programming, concrete syntax, parsing, Java, disambiguation, programming languages, scannerless parsing, SDF, programming, concrete object syntax, reuse},
  researchr = {http://researchr.org/publication/BravenboerVVV05},
  cites = {0},
  citedby = {2},
  pages = {157-172},
  booktitle = {GPCE},
}

@misc{Visser:2009,
  title = {researchr.org},
  author = {Eelco Visser},
  year = {2009},
  doi = {http://researchr.org},
  note = {Researchr is a web service for indexing, managing, and sharing bibliographic information of scientific publications for researchers by researchers.},
  tags = {researchr, web service, digital library, software},
  researchr = {http://researchr.org/publication/Visser%3A2009},
  cites = {0},
  citedby = {0},
  howpublished = {http://researchr.org},
}

@inproceedings{HemelKV08,
  title = {Code Generation by Model Transformation},
  author = {Zef Hemel and Lennart C. L. Kats and Eelco Visser},
  year = {2008},
  doi = {http://dx.doi.org/10.1007/978-3-540-69927-9_13},
  tags = {syntax definition, code generation, WebDSL, meta programming, concrete syntax, web engineering, DSL, transformation, Stratego, case study, concrete object syntax, model transformation, web applications, domain-specific language},
  researchr = {http://researchr.org/publication/HemelKV08},
  cites = {0},
  citedby = {3},
  pages = {183-198},
  booktitle = {ICMT},
}

@inproceedings{BravenboerGV06,
  title = {{MetaBorg} in Action: Examples of Domain-Specific Language Embedding and Assimilation Using {Stratego/XT}},
  author = {Martin Bravenboer and René de Groot and Eelco Visser},
  year = {2006},
  doi = {http://dx.doi.org/10.1007/11877028_10},
  tags = {program transformation, language composition, generative programming, language embedding, language engineering, Java, assimilation, generic programming, programming languages, DSL, transformation, Stratego, abstraction, Stratego/XT, programming, MetaBorg, domain-specific language embedding, domain-specific language},
  researchr = {http://researchr.org/publication/BravenboerGV06},
  cites = {0},
  citedby = {3},
  pages = {297-311},
  booktitle = {GTTSE},
}

@article{BravenboerDOV06,
  title = {Program Transformation with Scoped Dynamic Rewrite Rules},
  author = {Martin Bravenboer and Arthur van Dam and Karina Olmos and Eelco Visser},
  year = {2006},
  doi = {http://iospress.metapress.com/openurl.asp?genre=article&amp;issn=0169-2968&amp;volume=69&amp;issue=1&amp;spage=123},
  tags = {program transformation, language design, dynamic rewrite rules, access control, design, transformation, semantics, Stratego, Stratego/XT, term rewriting, operational semantics, rewriting, rewriting strategies},
  researchr = {http://researchr.org/publication/BravenboerDOV06},
  cites = {0},
  citedby = {4},
  journal = {FUIN},
  volume = {69},
  number = {1-2},
  pages = {123-178},
}

@article{HemelGKV11,
  title = {Static consistency checking of web applications with {WebDSL}},
  author = {Zef Hemel and Danny M. Groenewegen and Lennart C. L. Kats and Eelco Visser},
  year = {2011},
  doi = {http://dx.doi.org/10.1016/j.jsc.2010.08.006},
  tags = {Ruby, Ruby on Rails, query language, XML, language design, WebDSL, domain analysis, compiler, design, transformation, Stratego, static analysis, rule-based, web applications, domain-specific language},
  researchr = {http://researchr.org/publication/HemelGKV11},
  cites = {0},
  citedby = {0},
  journal = {JSC},
  volume = {46},
  number = {2},
  pages = {150-182},
}

@inproceedings{VolterV10,
  title = {Language extension and composition with language workbenches},
  author = {Markus Völter and Eelco Visser},
  year = {2010},
  doi = {http://doi.acm.org/10.1145/1869542.1869623},
  researchr = {http://researchr.org/publication/VolterV10},
  cites = {0},
  citedby = {0},
  pages = {301-304},
  booktitle = {OOPSLA},
}

@inproceedings{BravenboerV04,
  title = {Concrete syntax for objects: domain-specific language embedding and assimilation without restrictions},
  author = {Martin Bravenboer and Eelco Visser},
  year = {2004},
  doi = {http://doi.acm.org/10.1145/1028976.1029007},
  tags = {program transformation, syntax definition, XML, code generation, concrete syntax, assimilation, SDF, transformation, Stratego, Stratego/XT, MetaBorg, concrete object syntax, domain-specific language, reuse},
  researchr = {http://researchr.org/publication/BravenboerV04},
  cites = {51},
  citedby = {8},
  pages = {365-383},
  booktitle = {OOPSLA},
}
@proceedings{onward-2011,
  title = {ACM International Conference Onward! 2011, Proceedings},
  year = {2011},
  researchr = {http://researchr.org/publication/onward-2011},
  cites = {0},
  citedby = {0},
  booktitle = {ACM International Conference Onward! 2011, Proceedings},
  conference = {Onward!},
  editor = {Eelco Visser and Robert Hirschfeld},
}

@proceedings{gpce-2010,
  title = {Proceedings of the ninth international conference on Generative programming and component engineering (GPCE 2010)},
  year = {2010},
  month = {October},
  tags = {programming languages, software language engineering, software components, software engineering, software component, programming, generative programming, language engineering},
  researchr = {http://researchr.org/publication/gpce-2010},
  cites = {0},
  citedby = {0},
  booktitle = {Proceedings of the ninth international conference on Generative programming and component engineering (GPCE 2010)},
  conference = {GPCE},
  editor = {Eelco Visser and Jaakko Järvi},
  publisher = {ACM},
}

@proceedings{smp-2010,
  title = {Proceedings of the Seminar on Meta-Programming (SMP 2010)},
  year = {2010},
  tags = {programming, meta programming},
  researchr = {http://researchr.org/publication/smp-2010},
  cites = {0},
  citedby = {0},
  booktitle = {Proceedings of the Seminar on Meta-Programming (SMP 2010)},
  conference = {SMP},
  editor = {Eelco Visser},
}

@proceedings{wir-2011,
  title = {Proceedings of the Workshop on Intermediate Representations},
  year = {2011},
  tags = {program transformation, programming languages, transformation, programming, intermediate representation, design},
  researchr = {http://researchr.org/publication/wir-2011},
  cites = {0},
  citedby = {0},
  booktitle = {Proceedings of the Workshop on Intermediate Representations},
  conference = {WIR},
  editor = {Florent Bouchez and Sebastian Hack and Eelco Visser},
}

@proceedings{pepm:2007,
  title = {Proceedings of the 2007 ACM SIGPLAN Workshop on Partial Evaluation and Semantics-based Program Manipulation, 2007, Nice, France, January 15-16, 2007},
  year = {2007},
  tags = {semantics, partial evaluation},
  researchr = {http://researchr.org/publication/pepm%3A2007},
  cites = {0},
  citedby = {0},
  booktitle = {Proceedings of the 2007 ACM SIGPLAN Workshop on Partial Evaluation and Semantics-based Program Manipulation, 2007, Nice, France, January 15-16, 2007},
  conference = {PEPM},
  editor = {G. Ramalingam and Eelco Visser},
  publisher = {ACM},
  isbn = {978-1-59593-620-2},
}

@proceedings{gpce:2004,
  title = {Generative Programming and Component Engineering: Third International Conference, GPCE 2004, Vancouver, Canada, October 24-28, 2004. Proceedings},
  year = {2004},
  tags = {programming, generative programming},
  researchr = {http://researchr.org/publication/gpce%3A2004},
  cites = {0},
  citedby = {0},
  booktitle = {Generative Programming and Component Engineering: Third International Conference, GPCE 2004, Vancouver, Canada, October 24-28, 2004. Proceedings},
  conference = {GPCE},
  editor = {Gabor Karsai and Eelco Visser},
  volume = {3286},
  series = {Lecture Notes in Computer Science},
  publisher = {Springer},
  isbn = {3-540-23580-9},
}

@proceedings{icmt-2011,
  title = {Theory and Practice of Model Transformations, Fourth International Conference, ICMT 2011, Zurich, Switzerland, June 27-28, 2011. Proceedings},
  year = {2011},
  month = {June},
  tags = {model transformation},
  researchr = {http://researchr.org/publication/icmt-2011},
  cites = {0},
  citedby = {0},
  booktitle = {Theory and Practice of Model Transformations, Fourth International Conference, ICMT 2011, Zurich, Switzerland, June 27-28, 2011. Proceedings},
  conference = {ICMT},
  editor = {Jordi Cabot and Eelco Visser},
  volume = {6707},
  series = {Lecture Notes in Computer Science},
  publisher = {Springer},
}

@proceedings{rule:2002,
  title = {Proceedings of the 2002 ACM SIGPLAN Workshop on Rule-Based Programming, Pittsburgh, Pennsylvania, USA, 2002},
  year = {2002},
  tags = {programming, rule-based},
  researchr = {http://researchr.org/publication/rule%3A2002},
  cites = {0},
  citedby = {0},
  booktitle = {Proceedings of the 2002 ACM SIGPLAN Workshop on Rule-Based Programming, Pittsburgh, Pennsylvania, USA, 2002},
  conference = {RULE},
  editor = {Bernd Fischer and Eelco Visser},
  publisher = {ACM},
  isbn = {1-58113-606-4},
}
